@misc{enwiki:1226358199,
    author  = "{Wikipedia contributors}",
    title   = "Tetrahedral number --- {Wikipedia}{,} The Free Encyclopedia",
    year    = "2024",
    url     = "https://en.wikipedia.org/w/index.php?title=Tetrahedral_number&oldid=1226358199",
    note    = "[Online; accessed 15-June-2024]"
}

@misc{leetcode:1675,
    author  = "{LeetCode}",
    title   = "1675. Minimize Deviation in Array",
    year    = "2024",
    url     = "https://leetcode.com/problems/minimize-deviation-in-array/description/",
    note    = "[Online; accessed 16-June-2024]"
}

@misc{leetcode:1739,
    author  = "{LeetCode}",
    title   = "1739. Building Boxes",
    year    = "2024",
    url     = "https://leetcode.com/problems/building-boxes/description/",
    note    = "[Online; accessed 15-June-2024]"
}
